\bibliographystyle{unsrt}
\not=%% This BibTeX bibliography file was created using BibDesk.
%% http://bibdesk.sourceforge.net/
%% Saved with string encoding Unicode (UTF-8) 

@book{wolf2007introduction,
  title={Introduction to the Theory of Coherence and Polarization of Light},
  author={Wolf, Emil},
  year={2007},
  publisher={Cambridge university press}
}

@article{domanski2005polarization,
  title={Polarization degree fading during propagation of partially coherent light through retarders},
  author={Doma{\'n}ski, AW},
  journal={Opto-Electronics Review},
  volume={13},
  number={2},
  pages={171--176},
  year={2005}
}

@article{domanski2009depolarization,
  title={Depolarization of circularly polarized light in birefringent crystal},
  author={Doma{\'n}ski, Andrzej W and Redek, Marcin and Budaszewski, Daniel},
  journal={Photonics Letters of Poland},
  volume={1},
  number={2},
  pages={67--69},
  year={2009}
}

@article{cely2021study,
  title={Study of Depolarization of Partially Coherent and Partially Polarized light through a linear Retarder},
  author={Cely, Cristian Eduardo Hern{\'a}ndez and Amaris, Rafael {\'A}ngel Torres},
  booktitle={Frontiers in Optics},
  pages={JTh5A--77},
  year={2021},
  organization={Optical Society of America}
}

@article{zhao2018controlling,
  title={Controlling the degree of polarization of partially coherent electromagnetic beams with lenses},
  author={Zhao, Xinying and Visser, Taco D and Agrawal, Govind P},
  journal={Optics Letters},
  volume={43},
  number={10},
  pages={2344--2347},
  year={2018},
  publisher={Optical Society of America}
}

@article{wolf2003unified,
  title={Unified theory of coherence and polarization of random electromagnetic beams},
  author={Wolf, Emil},
  journal={Physics letters A},
  volume={312},
  number={5-6},
  pages={263--267},
  year={2003},
  publisher={Elsevier}
}

@book{born2013principles,
  title={Principles of optics: electromagnetic theory of propagation, interference and diffraction of light},
  author={Born, Max and Wolf, Emil},
  year={2013},
  publisher={Elsevier}
}

@article{makowski2010degree,
  title={Degree of polarization fading of light passing through birefringent medium with optical axis variation},
  author={Makowski, Piotr L and Doma{\'n}ski, Andrzej W},
  booktitle={Photonics Applications in Astronomy, Communications, Industry, and High-Energy Physics Experiments 2010},
  volume={7745},
  pages={77450J},
  year={2010},
  organization={International Society for Optics and Photonics}
}